@book{corbet2005,
    author    = "Jonathan Corbet and Alessandro Rubini and Greg Kroah-Hartman",
    title     = "Linux Device Drivers",
    publisher = "O'Really",
    year      = "2005"
}
