@article{alapetite2010,
    author  = "Alexandre Alapetite",
    title   = "Dynamic 2{D}-barcodes for multi-device Web session migration including mobile phones",
    journal = "Personal and Ubiquitous Computing",
    year    = "2010",
    volume  = "14",
    pages   = "45-52",
}

@inproceedings{vonreischach2009,
    author       = "Felix von Reischach and Florian Michahelles and Albrecht Schmidt",
    title        = "The design space of ubiquitous product recommendation systems",
    booktitle    = "Mobile and Ubiquitous Multimedia",
    year         = "2009",
    pages        = "1-10",
    organization = "Cambridge",
    publisher    = "ACM"
}

@article{canny2006,
    author  = "John Canny",
    title   = "The Future of Human-Computer Interaction",
    journal = "Queue",
    year    = "2006",
    volume  = "4",
    pages   = "24-32"
}

@conference{singh2003,
    author    = "Shawren Singh and Paula Kotz√©",
    title     = "An overview of systems design and development methodologies with regard to the involvement of users and other stakeholders through technology",
    booktitle = "SAICSIT",
    year      = "2003",
    volume    = "47",
    pages     = "37-47",
    publisher = "South African Institute for Computer Scientists and Information Technologists"
}

@conference{jacob2001,
    author    = "Robert J. K. Jacob",
    title     = "Open syntax: improving access for all users",
    booktitle = "Proceedings of the 2001 EC/NSF workshop on Universal accessibility of ubiquitous computing: providing for the elderly",
    year      = "2001",
    pages     = "84-89",
    publisher = "ACM"
}

@conference{vonreischach2010,
    author    = "Feliz von Reischach and Erica Dubach and Florian Michahelles and Albrecht Schmidt",
    title     = "An evaluation of product review modalities for mobile phones",
    booktitle = "Proceedings of the 12th international conference on Human computer interaction with mobile devices and services",
    year      = "2010",
    pages     = "199-208",
    publisher = "ACM"
}

@article{dix2000,
    author  = "Alan Dix and Tom Rodden and Nigel Davies and Jonathan Trevor and Adrian Friday and Kevin Palfreyman",
    title   = "Exploiting space and location as a design framework for interactive mobile systems",
    journal = "ACM Transactions on Computer-Human Interaction",
    year    = "2000",
    volume  = "7",
    number  = "3",
    pages   = "285-321"
}

@incollection{jacob2003,
    author = "Robert J. K. Jacob",
    title  = "User interface",
    booktitle = "Encyclopedia of Computer Science",
    publisher = "John Wiley and Sons",
    year = "2003",
    pages = "1821-1826"
}