@misc {camargo2010,
    author = "Wanderson Camargo and Roberto Raguze and Daniel Perazzoni",
    title = "Proposta de Análise de Sites de Prefeituras Municipais",
    year = "2010",
}
@misc{camargo2010a,
    author = "Wanderson Camargo",
    title = "Questionário Análise de Sites de Prefeituras Municipais",
    note = "Disponível em http://goo.gl/MweU1",
    year = "2010",
}