@inproceedings{gray2003,
    author    = "Gary L. Gray and Francesco Constanzo",
    title     = "Experiencies and Lessons Learned Teaching LaTeX to University Students",
    booktitle = "TUGBoat",
    year      = "2003",
}
@inproceedings{salzberg2005,
    author    = "Ben Salzberg and Trevor Murphy",
    title     = "LaTeX: When Word Fails You",
    booktitle = "SIGUCCS05",
    year      = "2005",
}
@inproceedings{ha2007,
    author    = "Jungwoo Ha",
    title     = "Improved Error Reporting for Software that Uses Black-Box Components",
    booktitle = "PLDI07",
    year      = "2007",
}
@inproceedings{oneill2005,
    author    = "Melissa E. O'Neil",
    title     = "Automated Use of a Wiki for Collaborative Lecture Users",
    booktitle = "SIGCSE05",
    year      = "2007",
}
@inproceedings{junghans20081,
    author    = "Martin Junghans",
    title     = "A Grammar for Standardized Wiki Markup",
    booktitle = "WikiSym08",
    year      = "2008",
}
@inproceedings{junghans20082,
    author    = "Martin Junghans",
    title     = "An EBNF Grammar for Wiki Creole 1.0",
    booktitle = "SIGWEB",
    year      = "2007",
}
