@book{knuth1970,
    title = "The \TeX{}book.",
    author = "Donald Ervin Knuth",
    publisher = "American Mathematical Society",
    year = "1970"
}
@book{lamport1985,
    title = "\LaTeX{}: A Document Preparation System",
    author = "Leslie Lamport",
    publisher = "Addison-Wesley",
    year = "1985"
}
@manual{oetiker2008,
    title = "The Not So Short Introduction to \LaTeXe{}",
    author = "Tobias Oetiker and Hubert Partl and Irene Hyna and Elisabeth Schlegl",
    year = "2008"
}
@manual{patashnik1988,
    title = "Bib\TeX{}ing",
    author = "Oren Patashnik",
    year = "1988"
}
@manual{tantau2005,
    title = "The Beamer Class",
    author = "Till Tantau",
    year = "2005",
}
@manual{fiorio2005,
    title = "algorithm2e.sty",
    author = "Christophe Fiorio",
    year = "2005",
}
@manual{moses2007,
    title = "The Listings Package",
    author = "Brooks Moses and Carsten Heinz",
    year = "2007"
}
@book{mittelback2004,
    title = "The \LaTeX{} Companion",
    author = "Frank Mittelbach and Michel Goosens",
    publisher = "Addison-Wesley",
    year = "2004"
}
@manual{downes2002,
    title = "Short Math Guide for \LaTeX{}",
    author = "Michael Downes",
    year = "2002"
}