@misc{history,
    title = "A Brief History of Javascript",
    author = "Stephen Chapman",
    howpublished = "Disponível em http://javascript.about.com/od/reference/a/history.htm"
}

@misc{diff,
    title = "JavaScript and JScript: What's the Difference?",
    author = "Stephen Chapman",
    howplublished = "Disponível em http://javascript.about.com/od/reference/a/jscript.htm"
}

@misc{mozilla,
    title = "About Javascript",
    key = "Mozilla",
    howpublished = "Disponível em https://developer.mozilla.org/en/About\_JavaScript"
}

@misc{wikipedia,
    title = "Javascript",
    key = "Wikipedia",
    howpublished = "Disponível em http://en.wikipedia.org/wiki/JavaScript"
}

@misc{prototype,
    title = "Prototype-Based",
    key = "Prototype",
    howpublished = "Disponível em http://en.wikipedia.org/wiki/Prototype-based"
}

@misc{plotter,
    title = "Languages",
    author = "Éric Lévénez",
    howpublished = "Disponível em http://www.levenez.com/lang/"
}

@Manual{ecma,
    title = "Standard ECMA-262 ECMAScript Language Specification",
    organization = "ECMA International",
    edition = "5th Edition",
    month = "December",
    year = "2009"
}