@article{a21-junghans,
    author  = "Martin Junghans and Dirk Riehle and Rama Gurram and Matthias Kaiser and Mário Lopes and Umit Yalcinalp",
    title   = "A Grammar for Standardized Wiki Markup",
    journal = "WikiSym '08",
    year    = "2008"
}
@article{a4-junghans,
    author  = "Martin Junghans and Dirk Riehle and Rama Gurram and Matthias Kaiser and Mário Lopes and Umit Yalcinalp",
    title   = "An EBNF Grammar for Wiki Creole 1.0",
    journal = "SIGWEB Newsletter Winter",
    year    = "2007"
}
@article{p267-oneill,
    author  = "Melissa E. O'Neill",
    title   = "Automated Use of a Wiki for Collaborative Lecture Notes",
    journal = "SIGCSE'05",
    year    = "2005"
}
@article{p161-gregorio-rodriguez,
    author  = "C. Gregorio-Rodríguez and L. Llana-Diaz and P. Palao-Gostanza and C. Pareja-Flores and R. Martínez-Unanue and J. A. Veldzquez-Iturbide",
    title   = "EXercita: Automatic Web Publishing of Programming Exercises",
    journal = "ITiCSE2001",
    year    = "2001"
}
@article{p241-salzberg,
    author  = "Ben Salzberg and Trevor Murphy",
    title   = "LaTeX: When Word Fails You",
    journal = "SIGUCCS'05",
    year    = "2005"
}