@book{corbet2005,
    title     = "Linux Device Drivers",
    author    = "Jonathan Corbet and Alessandro Rubini and G. Kroah-Hartman",
    publisher = "O'Really",
    year      = "2005"
}

@book{love2010,
    title     = "Linux Kernel Development",
    author    = "Robert Love",
    publisher = "Addison-Wesley",
    year      = "2010"
}
